<record><leader>00000cas a22000007a 4500</leader><controlfield tag="001">37881009</controlfield><controlfield tag="008">971103d192u192uokudn n       0    0eng d</controlfield><datafield ind1=" " ind2=" " tag="010"><subfield code="a">sn 97070373 </subfield></datafield><datafield ind1=" " ind2=" " tag="040"><subfield code="a">OBN</subfield><subfield code="b">eng</subfield><subfield code="c">OBN</subfield><subfield code="d">OCLCQ</subfield><subfield code="d">OCLCF</subfield><subfield code="d">OCLCO</subfield></datafield><datafield ind1="1" ind2=" " tag="029"><subfield code="a">AU@</subfield><subfield code="b">000013613265</subfield></datafield><datafield ind1=" " ind2=" " tag="042"><subfield code="a">msc</subfield></datafield><datafield ind1=" " ind2=" " tag="043"><subfield code="a">n-us-ok</subfield></datafield><datafield ind1="0" ind2="4" tag="245"><subfield code="a">The Wewoka daily democrat.</subfield></datafield><datafield ind1=" " ind2=" " tag="260"><subfield code="a">Wewoka, Okla. :</subfield><subfield code="b">Wewoka Pub. Co.</subfield></datafield><datafield ind1=" " ind2=" " tag="310"><subfield code="a">Daily</subfield></datafield><datafield ind1=" " ind2=" " tag="588"><subfield code="a">Description based on: Vol. 3, no. 152 (Feb. 16, 1925).</subfield></datafield><datafield ind1=" " ind2="0" tag="651"><subfield code="a">Wewoka (Okla.)</subfield><subfield code="v">Newspapers.</subfield></datafield><datafield ind1=" " ind2="0" tag="651"><subfield code="a">Seminole County (Okla.)</subfield><subfield code="v">Newspapers.</subfield></datafield><datafield ind1=" " ind2="7" tag="655"><subfield code="a">Newspapers.</subfield><subfield code="2">fast</subfield><subfield code="0">(OCoLC)fst01423814</subfield></datafield><datafield ind1=" " ind2="7" tag="651"><subfield code="a">Oklahoma</subfield><subfield code="z">Seminole County.</subfield><subfield code="2">fast</subfield><subfield code="0">(OCoLC)fst01207511</subfield></datafield><datafield ind1=" " ind2="7" tag="651"><subfield code="a">Oklahoma</subfield><subfield code="z">Wewoka.</subfield><subfield code="2">fast</subfield><subfield code="0">(OCoLC)fst01221231</subfield></datafield><datafield ind1=" " ind2=" " tag="752"><subfield code="a">United States</subfield><subfield code="b">Oklahoma</subfield><subfield code="c">Seminole</subfield><subfield code="d">Wewoka.</subfield></datafield><datafield ind1="0" ind2=" " tag="775"><subfield code="t">Wewoka capital-democrat</subfield><subfield code="w">(DLC)sn 97070374</subfield><subfield code="w">(OCoLC)37881415</subfield></datafield><datafield ind1="0" ind2="7" tag="785"><subfield code="t">Wewoka times (Wewoka, Okla. : 1927)</subfield><subfield code="w">(DLC)sn 83025047</subfield><subfield code="w">(OCoLC)9226863</subfield></datafield><datafield ind1="0" ind2="7" tag="785"><subfield code="t">Daily times-democrat (Wewoka, Okla.)</subfield><subfield code="w">(DLC)sn 97070376</subfield><subfield code="w">(OCoLC)37881601</subfield></datafield></record>